<?xml version="1.0" encoding="utf-8"?>
<record xmlns="http://www.loc.gov/MARC21/slim" xmlns:xsi="http://www.w3.org/2001/XMLSchema-instance" xsi:schemaLocation="http://www.loc.gov/MARC21/slim http://www.loc.gov/standards/marcxml/schema/MARC21slim.xsd">
	<leader>
		04651nam a2200661   4500
	</leader>
	<controlfield tag="001">
		683201
	</controlfield>
	<controlfield tag="003">
		NNC
	</controlfield>
	<controlfield tag="006">
		m        d        
	</controlfield>
	<controlfield tag="007">
		cr cn |||m|||a
	</controlfield>
	<controlfield tag="008">
		151222m19849999ir      ob    000 0caraod
	</controlfield>
	<datafield ind1=" " ind2=" " tag="020">
		<subfield code="z">
			9644260074
		</subfield>
	</datafield>
	<datafield ind1=" " ind2=" " tag="020">
		<subfield code="z">
			9789644260070
		</subfield>
	</datafield>
	<datafield ind1=" " ind2=" " tag="020">
		<subfield code="z">
			9644260899
		</subfield>
	</datafield>
	<datafield ind1=" " ind2=" " tag="020">
		<subfield code="z">
			9789644260896
		</subfield>
	</datafield>
	<datafield ind1=" " ind2=" " tag="020">
		<subfield code="z">
			9789644266089
		</subfield>
	</datafield>
	<datafield ind1=" " ind2=" " tag="020">
		<subfield code="z">
			9644266080
		</subfield>
	</datafield>
	<datafield ind1=" " ind2=" " tag="040">
		<subfield code="a">
			NNU
		</subfield>
		<subfield code="b">
			eng
		</subfield>
		<subfield code="e">
			rda
		</subfield>
		<subfield code="c">
			NNU
		</subfield>
	</datafield>
	<datafield ind1=" " ind2=" " tag="043">
		<subfield code="a">
			a-ir---
		</subfield>
	</datafield>
	<datafield ind1=" " ind2="4" tag="050">
		<subfield code="a">
			BP136.48
		</subfield>
		<subfield code="b">
			.A44 1984
		</subfield>
	</datafield>
	<datafield ind1="1" ind2=" " tag="100">
		<subfield code="6">
			880-01
		</subfield>
		<subfield code="a">
			Āl Qays, Qays.
		</subfield>
	</datafield>
	<datafield ind1="1" ind2="3" tag="245">
		<subfield code="6">
			880-02
		</subfield>
		<subfield code="a">
			al-Īrāniyūn wa-al-adab al-ʻArabī /
		</subfield>
		<subfield code="c">
			taʼlīf Qays Āl Qays.
		</subfield>
	</datafield>
	<datafield ind1="1" ind2=" " tag="246">
		<subfield code="i">
			V. 1-5: Title on added title page:
		</subfield>
		<subfield code="a">
			Iranians and Arab literature
		</subfield>
	</datafield>
	<datafield ind1="1" ind2=" " tag="246">
		<subfield code="i">
			V. 7-11: Title on added title page:
		</subfield>
		<subfield code="a">
			Iranians and the Arabic literature
		</subfield>
	</datafield>
	<datafield ind1=" " ind2=" " tag="260">
		<subfield code="6">
			880-03
		</subfield>
		<subfield code="a">
			Tehran :
		</subfield>
		<subfield code="b">
			Muʼassasat al-Buḥūth wa-al-Taḥqīqāt al-Thaqāfīyah,
		</subfield>
		<subfield code="c">
			1984-
		</subfield>
	</datafield>
	<datafield ind1="3" ind2=" " tag="260">
		<subfield code="6">
			880-04
		</subfield>
		<subfield code="3">
			1374- [1995 or 1996]-
		</subfield>
		<subfield code="a">
			Tihrān :
		</subfield>
		<subfield code="b">
			Pizhūhishkādah-i ʻUlūm-i Insānī va Muṭālaʻāt-i Farhangī
		</subfield>
	</datafield>
	<datafield ind1=" " ind2=" " tag="300">
		<subfield code="a">
			online resource (volumes)
		</subfield>
	</datafield>
	<datafield ind1=" " ind2=" " tag="336">
		<subfield code="a">
			text
		</subfield>
		<subfield code="2">
			rdacontent
		</subfield>
	</datafield>
	<datafield ind1=" " ind2=" " tag="337">
		<subfield code="a">
			computer
		</subfield>
		<subfield code="2">
			rdamedia
		</subfield>
	</datafield>
	<datafield ind1=" " ind2=" " tag="338">
		<subfield code="a">
			online resource
		</subfield>
		<subfield code="2">
			rdacarrier
		</subfield>
	</datafield>
	<datafield ind1=" " ind2=" " tag="500">
		<subfield code="a">
			Title on added t.p.: Iranians and Arab literature.
		</subfield>
	</datafield>
	<datafield ind1=" " ind2=" " tag="500">
		<subfield code="a">
			Part of the Arabic Collections Online (ACO) project, contributed by Columbia University Libraries.
		</subfield>
	</datafield>
	<datafield ind1=" " ind2=" " tag="504">
		<subfield code="a">
			Includes bibliographical references.
		</subfield>
	</datafield>
	<datafield ind1="1" ind2=" " tag="505">
		<subfield code="6">
			880-05
		</subfield>
		<subfield code="a">
			al-mujallad 1, al-qism 1-2. Rijāl ʻulūm al-Qurʼān -- al-mujallad 2, al-qism 1-2. Rijāl ʻilm al-Ḥadīth -- al-mujallad 3. Rijāl fiqh al-Shīʻah al-imāmīyah -- al-mujallad 4. Rijāl fiqh al-Shāfiʻīyah -- al-mujallad 5. Rijāl fiqh al-Ḥanafīyah -- al-mujallad 6. Rijāl fiqh al-Mālikīyah wa-al-Ḥanbalīyah -- al-mujallad 7. Rijāl al-taṣawwuf wa-al-ʻirfān -- al-mujallad 8. al-Aṭibbāʼ wa-al-ṣayādilah wa-al-kīmīyāwīyūn -- al-mujallad 9. ʻUlamāʼ al-riyāḍīyāt wa al-falak wa-al-nujūm -- al-mujallad 10. ʻUlamāʼ al-tārīkh wa-al-jughrāfīyā -- al-mujallad 11. al-Shiʻr wa-al-shuʻarāʼ
		</subfield>
	</datafield>
	<datafield ind1=" " ind2=" " tag="533">
		<subfield code="a">
			Electronic reproduction.
		</subfield>
		<subfield code="b">
			New York, N.Y. :
		</subfield>
		<subfield code="c">
			New York University,
		</subfield>
		<subfield code="d">
			2015.
		</subfield>
		<subfield code="5">
			NNU
		</subfield>
	</datafield>
	<datafield ind1=" " ind2="0" tag="650">
		<subfield code="a">
			Qurʼanic scholars
		</subfield>
		<subfield code="z">
			Iran
		</subfield>
		<subfield code="v">
			Bio-bibliography.
		</subfield>
	</datafield>
	<datafield ind1=" " ind2="0" tag="650">
		<subfield code="a">
			Hadith scholars
		</subfield>
		<subfield code="z">
			Iran
		</subfield>
		<subfield code="v">
			Bio-bibliography.
		</subfield>
	</datafield>
	<datafield ind1=" " ind2="0" tag="650">
		<subfield code="a">
			Ulama
		</subfield>
		<subfield code="z">
			Iran
		</subfield>
		<subfield code="v">
			Bio-bibliography.
		</subfield>
	</datafield>
	<datafield ind1=" " ind2="0" tag="650">
		<subfield code="a">
			Muslim scholars
		</subfield>
		<subfield code="z">
			Iran
		</subfield>
		<subfield code="v">
			Bio-bibliography.
		</subfield>
	</datafield>
	<datafield ind1=" " ind2="7" tag="650">
		<subfield code="a">
			Hadith scholars.
		</subfield>
		<subfield code="2">
			fast
		</subfield>
		<subfield code="0">
			(OCoLC)fst00950141
		</subfield>
	</datafield>
	<datafield ind1=" " ind2="7" tag="650">
		<subfield code="a">
			Muslim scholars.
		</subfield>
		<subfield code="2">
			fast
		</subfield>
		<subfield code="0">
			(OCoLC)fst01731774
		</subfield>
	</datafield>
	<datafield ind1=" " ind2="7" tag="650">
		<subfield code="a">
			Qurʼanic scholars.
		</subfield>
		<subfield code="2">
			fast
		</subfield>
		<subfield code="0">
			(OCoLC)fst01861325
		</subfield>
	</datafield>
	<datafield ind1=" " ind2="7" tag="650">
		<subfield code="a">
			Ulama.
		</subfield>
		<subfield code="2">
			fast
		</subfield>
		<subfield code="0">
			(OCoLC)fst01160605
		</subfield>
	</datafield>
	<datafield ind1=" " ind2="7" tag="651">
		<subfield code="a">
			Iran.
		</subfield>
		<subfield code="2">
			fast
		</subfield>
		<subfield code="0">
			(OCoLC)fst01204889
		</subfield>
	</datafield>
	<datafield ind1=" " ind2="7" tag="655">
		<subfield code="a">
			Bio-bibliography.
		</subfield>
		<subfield code="2">
			fast
		</subfield>
		<subfield code="0">
			(OCoLC)fst01423685
		</subfield>
	</datafield>
	<datafield ind1="2" ind2=" " tag="710">
		<subfield code="a">
			Columbia University.
		</subfield>
		<subfield code="b">
			Libraries.
		</subfield>
	</datafield>
	<datafield ind1="0" ind2=" " tag="730">
		<subfield code="a">
			Arabic Collections Online.
		</subfield>
	</datafield>
	<datafield ind1="0" ind2="8" tag="776">
		<subfield code="i">
			Online version:
		</subfield>
		<subfield code="a">
			Āl Qays, Qays.
		</subfield>
		<subfield code="t">
			Īrāniyūn wa-al-adab al-ʻArabī.
		</subfield>
		<subfield code="d">
			Tehran : Muʼassasat al-Buḥūth wa-al-Taḥqīqāt al-Thaqāfīyah, 1984-
		</subfield>
		<subfield code="w">
			(OCoLC)639292189
		</subfield>
	</datafield>
	<datafield ind1="0" ind2="8" tag="776">
		<subfield code="i">
			Print version:
		</subfield>
		<subfield code="a">
			Āl Qays, Qays.
		</subfield>
		<subfield code="t">
			al-Īrāniyūn wa-al-adab al-ʻArabī
		</subfield>
		<subfield code="w">
			(NNC)683201
		</subfield>
		<subfield code="w">
			(OCoLC)21933786
		</subfield>
		<subfield code="z">
			9644260074
		</subfield>
		<subfield code="z">
			9789644260070
		</subfield>
		<subfield code="z">
			9644260899
		</subfield>
		<subfield code="z">
			9789644260896
		</subfield>
		<subfield code="z">
			9789644266089
		</subfield>
		<subfield code="z">
			9644266080
		</subfield>
	</datafield>
	<datafield ind1="4" ind2="0" tag="856">
		<subfield code="u">
			http://hdl.handle.net/2333.1/xksn05wd
		</subfield>
	</datafield>
	<datafield ind1="4" ind2="0" tag="856">
		<subfield code="u">
			http://hdl.handle.net/2333.1/xksn05wd
		</subfield>
	</datafield>
	<datafield ind1="1" ind2=" " tag="880">
		<subfield code="6">
			100-01
		</subfield>
		<subfield code="a">
			آل قيس، قيس.
		</subfield>
	</datafield>
	<datafield ind1="1" ind2="2" tag="880">
		<subfield code="6">
			245-02
		</subfield>
		<subfield code="a">
			الايرانيون والأدب العربي /
		</subfield>
		<subfield code="c">
			تأليف قيس آل قيس.
		</subfield>
	</datafield>
	<datafield ind1=" " ind2=" " tag="880">
		<subfield code="6">
			260-03
		</subfield>
		<subfield code="a">
			تهران :
		</subfield>
		<subfield code="b">
			مؤسسة البحوث والتحقيقات الثقافية،
		</subfield>
		<subfield code="c">
			٤٨٩١-
		</subfield>
	</datafield>
	<datafield ind1="3" ind2=" " tag="880">
		<subfield code="6">
			260-04
		</subfield>
		<subfield code="3">
			1374- [1995 or 1996]
		</subfield>
		<subfield code="a">
			تهران :
		</subfield>
		<subfield code="b">
			پژوهشکاده علوم انسانى و مطالعات فرهنگى
		</subfield>
	</datafield>
	<datafield ind1="1" ind2=" " tag="880">
		<subfield code="6">
			505-05
		</subfield>
		<subfield code="a">
			المجلد 1، القسم 1-2. رجال علوم القرآن -- المجلد 2، القسم 1-2. رجال علم الحديث -- المجلد 3. رجال فقه الشيعة الامامية -- المجلد 4. رجال فقه الشافعية -- المجلد 5. رجال فقه الحنفية -- المجلد 6. رجال فقه المالكية والحنبلية -- المجلد 7. رجال التصوف والعرفان -- المجلد 8. الاطباء والصيادلة والكيمياويون -- المجلد 9. علماء الرياضيات و الفلك والنجوم -- المجلد 10. علماء التاريخ والجغرافيا. -- المجلد 11. الشعر والشعراء
		</subfield>
	</datafield>
	<datafield ind1=" " ind2=" " tag="959">
		<subfield code="a">
			NNU
		</subfield>
		<subfield code="b">
			WEB
		</subfield>
		<subfield code="c">
			GENI
		</subfield>
		<subfield code="t">
			0
		</subfield>
		<subfield code="m">
			Electronic access
		</subfield>
		<subfield code="s">
			01
		</subfield>
	</datafield>
	<datafield ind1=" " ind2=" " tag="959">
		<subfield code="a">
			NNU
		</subfield>
		<subfield code="b">
			WEB
		</subfield>
		<subfield code="c">
			GENI
		</subfield>
		<subfield code="t">
			0
		</subfield>
		<subfield code="m">
			Electronic access
		</subfield>
		<subfield code="s">
			01
		</subfield>
	</datafield>
	<datafield ind1=" " ind2=" " tag="999">
		<subfield code="i">
			NNC_683201
		</subfield>
		<subfield code="o">
			(OCoLC)ocm21933786
		</subfield>
		<subfield code="s">
			columbia_aco001231
		</subfield>
		<subfield code="e">
			(ERROR-880)
		</subfield>
		<subfield code="s">
			columbia_aco001231
		</subfield>
	</datafield>
</record>
